<soapenv:Envelope xmlns:soapenv="http://schemas.xmlsoap.org/soap/envelope/" xmlns:web="http://webservice.nbc.org.kh/">
   <soapenv:Header/>
   <soapenv:Body>
      <web:makeFullFundTransfer>
         <web:cm_user_name>bora</web:cm_user_name>
         <web:cm_password>B@ora123</web:cm_password>
         <web:ext_ref>BKRTKHPPXXX/TOURKHPPXXX/REFPLACEHOLDER</web:ext_ref>
         <web:iso_message><![CDATA[<?xml version="1.0" encoding="UTF-8" standalone="yes"?>
<Document xsi:schemaLocation="xsd/pain.001.001.05.xsd" xmlns="urn:iso:std:iso:20022:tech:xsd:pain.001.001.05" xmlns:xsi="http://www.w3.org/2001/XMLSchema-instance">
    <CstmrCdtTrfInitn>
        <GrpHdr>
            <MsgId>MSGID2</MsgId>
            <CreDtTm>2026-01-30T19:01:40.222+07:00</CreDtTm>
            <NbOfTxs>1</NbOfTxs>
            <CtrlSum>66</CtrlSum>
            <InitgPty>
                <Nm>BKRT</Nm>
            </InitgPty>
        </GrpHdr>
        <PmtInf>
            <PmtInfId>BKRTKHPPXXX/TOURKHPPXXX/REFPLACEHOLDER</PmtInfId>
            <PmtMtd>TRF</PmtMtd>
            <BtchBookg>false</BtchBookg>
            <ReqdExctnDt>2026-01-30</ReqdExctnDt>
            <Dbtr>
                <Nm>BKRT</Nm>
            </Dbtr>
            <DbtrAcct>
                <Id>
                    <Othr>
                        <Id>bkrtkhppxxx@bkrt</Id>
                    </Othr>
                </Id>
                <Ccy>KHR</Ccy>
            </DbtrAcct>
            <DbtrAgt>
                <FinInstnId>
                    <BICFI>BKRTKHPPXXX</BICFI>
                </FinInstnId>
            </DbtrAgt>
            <CdtTrfTxInf>
                <PmtId>
                    <InstrId>BKRTKHPPXXX/REFPLACEHOLDER</InstrId>
                    <EndToEndId>bkrtkhppxxx@bkrt-015039685739105</EndToEndId>
                </PmtId>
                <Amt>
                    <InstdAmt Ccy="KHR">66</InstdAmt>
                </Amt>
                <ChrgBr>CRED</ChrgBr>
                <CdtrAgt>
                    <FinInstnId>
                        <BICFI>TOURKHPPXXX</BICFI>
                    </FinInstnId>
                </CdtrAgt>
                <Cdtr>
                    <Nm>TOUR</Nm>
                </Cdtr>
                <CdtrAcct>
                    <Id>
                        <Othr>
                            <Id>015039685739105</Id>
                        </Othr>
                    </Id>
                </CdtrAcct>
                <Purp>
                    <Cd>GDDS</Cd>
                </Purp>
                <RmtInf>
                    <Ustrd>REVERSING - Refund for original transaction</Ustrd>
                </RmtInf>
            </CdtTrfTxInf>
        </PmtInf>
    </CstmrCdtTrfInitn>
</Document>]]></web:iso_message>
      </web:makeFullFundTransfer>
   </soapenv:Body>
</soapenv:Envelope>
